@article{Seez1990,
author = {Seez, CJ and Lella, L Di and Kunszt, Z and Stirling, WJ},
file = {:home/peterh/Dropbox/umn/oral/CMSHiggsDecayECFA.pdf:pdf},
number = {October},
pages = {4--9},
title = {{Photon decay modes of the intermediate mass Higgs}},
url = {http://cds.cern.ch/record/220524},
year = {1990}
}
@article{Collaboration2014,
archivePrefix = {arXiv},
arxivId = {arXiv:1407.0558v2},
author = {Collaboration, CMS},
doi = {10.1140/epjc/s10052-014-3076-z.c},
eprint = {arXiv:1407.0558v2},
file = {:home/peterh/Dropbox/umn/oral/CMSHiggsDiphoton2.pdf:pdf},
journal = {arXiv preprint arXiv:1407.0558},
title = {{Observation of the diphoton decay of the Higgs boson and measurement of its properties}},
url = {http://arxiv.org/abs/1407.0558},
volume = {05},
year = {2014}
}
@article{CMSDetector,
  author={CMS Collaboration},
  title={The CMS experiment at the CERN LHC},
  journal={Journal of Instrumentation},
  volume={3},
  number={08},
  pages={S08004},
  url={http://stacks.iop.org/1748-0221/3/i=08/a=S08004},
  year={2008}
}

@article{Chatrchyan2012,
archivePrefix = {arXiv},
arxivId = {arXiv:1207.7235v2},
author = {Chatrchyan, S and Khachatryan, V},
eprint = {arXiv:1207.7235v2},
file = {:home/peterh/Dropbox/umn/oral/CMSHiggsPaper.pdf:pdf},
journal = {Physics Letters B},
title = {{Observation of a new boson at a mass of 125 GeV with the CMS experiment at the LHC}},
url = {http://www.sciencedirect.com/science/article/pii/S0370269312008581},
volume = {4},
year = {2012}
}
@article{Marciano2012,
archivePrefix = {arXiv},
arxivId = {arXiv:1109.5304v2},
author = {Marciano, WJ and Zhang, Cen and Willenbrock, Scott},
eprint = {arXiv:1109.5304v2},
file = {:home/peterh/Dropbox/umn/oral/HiggsDiphotonTheory.pdf:pdf},
journal = {Physical Review D},
title = {{Higgs decay to two photons}},
url = {http://journals.aps.org/prd/abstract/10.1103/PhysRevD.85.013002},
year = {2012}
}
@article{Shifman1979,
author = {Shifman, MA and Vainshtein, AI and Voloshin, MB and Zakharov, VI},
file = {:home/peterh/Dropbox/umn/oral/HiggsDiphotonTheory2.pdf:pdf},
title = {{Low-energy theorems for Higgs boson coupling to protons}},
url = {http://inis.iaea.org/search/search.aspx?orig\_q=RN:11526759},
year = {1979}
}
@book{peskin1995introduction,
  title={An Introduction to Quantum Field Theory},
  author={Peskin, M.E. and Schroeder, D.V.},
  isbn={9780201503975},
  lccn={89027170},
  series={Advanced book classics},
  url={http://books.google.com/books?id=i35LALN0GosC},
  year={1995},
  publisher={Addison-Wesley Publishing Company}
}
@article{Dittmaier:2011ti,
      author         = "{LHC Higgs Cross Section Working Group} and Dittmaier, S. and Mariotti, C. and Passarino, G. and Tanaka (Eds.), R.",
      title         = "{Handbook of LHC Higgs Cross Sections: 1. Inclusive Observables}",
      journal         = "CERN-2011-002",
      year         = "CERN, Geneva, 2011",
      eprint         = "1101.0593",
      archivePrefix   = "arXiv",
      primaryClass   = "hep-ph",
      SLACcitation   = "%%CITATION = ARXIV:1101.0593;%%",
}

@ARTICLE{CMSFigure,
    author = {Tai Sakuma and Thomas McCauley},
    title = {Detector and Event Visualization with SketchUp at the CMS Experiment},
    journal = {Journal of Physics: Conference Series},
    year = {2014},
    volume = {513},
    number = {2},
    url = {http://stacks.iop.org/1742-6596/513/i=2/a=022032}
}

