@article{CMSHiggs,
title = "Observation of a new boson at a mass of 125 GeV with the \{CMS\} experiment at the \{LHC\} ",
journal = "Physics Letters B ",
volume = "716",
number = "1",
pages = "30 - 61",
year = "2012",
note = "",
issn = "0370-2693",
doi = "http://dx.doi.org/10.1016/j.physletb.2012.08.021",
url = "http://www.sciencedirect.com/science/article/pii/S0370269312008581",
author = "S. Chatrchyan and others",
keywords = "\{CMS\}",
keywords = "Physics",
keywords = "Higgs "
}


@article{HiggsGGTheory,
  title = {Higgs decay to two photons},
  author = {Marciano, William J. and Zhang, Cen and Willenbrock, Scott},
  journal = {Phys. Rev. D},
  volume = {85},
  issue = {1},
  pages = {013002},
  numpages = {10},
  year = {2012},
  month = {Jan},
  publisher = {American Physical Society},
  doi = {10.1103/PhysRevD.85.013002},
  url = {http://link.aps.org/doi/10.1103/PhysRevD.85.013002}
}

@BOOK{Thomson201310, 
title={Modern Particle Physics},
author={Mark Thomson},
publisher={Cambridge University Press},
year={2013},
month={10},
isbn={9781107034266},
totalpages={570},
timestamp={2014.11.04},
}

@article{HiggsTheory1,
  title = {Broken Symmetry and the Mass of Gauge Vector Mesons},
  author = {Englert, F. and Brout, R.},
  journal = {Phys. Rev. Lett.},
  volume = {13},
  issue = {9},
  pages = {321--323},
  numpages = {0},
  year = {1964},
  month = {Aug},
  publisher = {American Physical Society},
  doi = {10.1103/PhysRevLett.13.321},
  url = {http://link.aps.org/doi/10.1103/PhysRevLett.13.321}
}

@article{HiggsTheory2,
  title = {Global Conservation Laws and Massless Particles},
  author = {Guralnik, G. S. and Hagen, C. R. and Kibble, T. W. B.},
  journal = {Phys. Rev. Lett.},
  volume = {13},
  issue = {20},
  pages = {585--587},
  numpages = {0},
  year = {1964},
  month = {Nov},
  publisher = {American Physical Society},
  doi = {10.1103/PhysRevLett.13.585},
  url = {http://link.aps.org/doi/10.1103/PhysRevLett.13.585}
}


@article{HiggsTheory3,
title = "Broken symmetries, massless particles and gauge fields ",
journal = "Physics Letters ",
volume = "12",
number = "2",
pages = "132 - 133",
year = "1964",
note = "",
issn = "0031-9163",
doi = "http://dx.doi.org/10.1016/0031-9163(64)91136-9",
url = "http://www.sciencedirect.com/science/article/pii/0031916364911369",
author = "P.W. Higgs"
}

@article{HiggsDiphoton,
year={2014},
issn={1434-6044},
journal={The European Physical Journal C},
eid={3076},
volume={74},
number={10},
doi={10.1140/epjc/s10052-014-3076-z},
title={Observation of the diphoton decay of the Higgs boson and measurement of its properties},
url={http://dx.doi.org/10.1140/epjc/s10052-014-3076-z},
publisher={Springer Berlin Heidelberg},
author={Khachatryan, V. and others},
language={English}
}

